@ARTICLE{ARTICLE1,
    AUTHOR="Alexandru UJVAROSI",
    TITLE="EVOLUTION OF SCADA SYSTEMS",
    JOURNAL="Bulletin of the Transilvania University of Braşov",
    YEAR="2016",
}
@ARTICLE{ARTICLE2,
    AUTHOR="Jeremy Wilbert",
    TITLE="Rethinking HMI/SCADA for a digitally connected workforce",
    JOURNAL="AVEVA WHITEPAPER",
    YEAR="2023",
}
@ARTICLE{ARTICLE3,
    AUTHOR="Piyu Dhaker",
    TITLE="Introduction to SPI Interface",
    JOURNAL="Analog Dialogue",
    YEAR="2018",
}

@MANUAL{nxp,
    organization  = "NXP",
    title         = "I2C-bus specification and user manual",
    number        = "UM10204",
    year          =  2021,
    note          = "Rev. 7"
}
@MANUAL{mbus,
    organization  = "Modbus Organization",
    title         = "MODBUS Messaging on TCP/IP Implementation Guide",
    number        = "",
    year          =  2006,
    note          = "Rev. 1.0b"
}

@ARTICLE{ARTICLE5,
    AUTHOR="Eric Peña, Mary Grace Legaspi",
    TITLE="UART: A Hardware Communication Protocol Understanding Universal Asynchronous Receiver/Transmitter",
    JOURNAL="Analog Dialogue",
    YEAR="2020",
}
@ARTICLE{ARTICLE6,
    AUTHOR="Lora Alliance",
    TITLE="A technical overview of LoRa® and LoRaWAN™",
    JOURNAL="Technical Marketing Workgroup 1.0",
    YEAR="2015",
}

@ARTICLE{ARTICLE7,
    AUTHOR="Lora Alliance",
    TITLE="A technical overview of LoRa® and LoRaWAN™",
    JOURNAL="Technical Marketing Workgroup 1.0",
    YEAR="2015",
}
@MISC{moz1,
	HOWPUBLISHED = "\url{https://developer.mozilla.org/es/docs/Web/HTTP}",
	AUTHOR = "Mozilla",
	TITLE = "HTTP",
	MONTH = "12",
	YEAR = "2023",
	URLDATE = {2023-9-02}
}
@MISC{moz2,
	HOWPUBLISHED = "\url{https://developer.mozilla.org/es/docs/Web/HTTP/Methods}",
	AUTHOR = "Mozilla",
	TITLE = "Métodos de petición HTTP",
	MONTH = "12",
	YEAR = "2023",
	URLDATE = {2023-9-02}
}
@MISC{wifii,
	HOWPUBLISHED = "\url{https://www.cisco.com/c/es_mx/products/wireless/what-is-wifi.html~preguntas-y-respuestas}",
	AUTHOR = "Cisco",
	TITLE = "¿Qué es Wi-Fi?",
	MONTH = "09",
	YEAR = "2023",
	URLDATE = {2023-9-03}
}
@MISC{node,
	HOWPUBLISHED = "\url{https://nodejs.dev/en/learn/an-example-nodejs-application}",
	AUTHOR = "OpenJS Foundation",
	TITLE = "Introduction to Node.js",
	MONTH = "09",
	YEAR = "2023",
	URLDATE = {2023-9-04}
}
@MISC{expr,
	HOWPUBLISHED = "\url{https://developer.mozilla.org/en-US/docs/Learn/Server-side/Express_Nodejs/Introduction}",
	AUTHOR = "Mozilla",
	TITLE = "Express/Node introduction",
	MONTH = "09",
	YEAR = "2023",
	URLDATE = {2023-9-05}
}
@MISC{ioni1,
	HOWPUBLISHED = "\url{https://ionicframework.com/docs}",
	AUTHOR = "ionic DOCS",
	TITLE = "Introduction to Ionic",
	MONTH = "09",
	YEAR = "2023",
	URLDATE = {2023-9-06}
}
@MISC{ioni2,
	HOWPUBLISHED = "\url{https://ionic.io/docs/platform}",
	AUTHOR = "ionic DOCS",
	TITLE = "The Ionic Platform",
	MONTH = "09",
	YEAR = "2023",
	URLDATE = {2023-9-06}
}
@MISC{esp,
	HOWPUBLISHED = "\url{https://www.espressif.com/en/products/socs/esp32}",
	AUTHOR = "ESPRESSIF",
	TITLE = "ESP32",
	MONTH = "09",
	YEAR = "2023",
	URLDATE = {2023-9-10}
}
@MISC{stm,
	HOWPUBLISHED = "\url{https://www.st.com/en/microcontrollers-microprocessors/stm32-32-bit-arm-cortex-mcus.html}",
	AUTHOR = "STMicroelectronics",
	TITLE = "STM32 32-bit Arm Cortex MCUs",
	MONTH = "09",
	YEAR = "2023",
	URLDATE = {2023-9-11}
}
@MISC{vscode,
	HOWPUBLISHED = "\url{https://code.visualstudio.com/docs}",
	AUTHOR = "Visual Studio Code",
	TITLE = "Getting Started",
	MONTH = "09",
	YEAR = "2023",
	URLDATE = {2023-9-12}
}
@MISC{stcode,
	HOWPUBLISHED = "\url{https://www.st.com/en/development-tools/stm32cubeide.html}",
	AUTHOR = "STMicroelectronics",
	TITLE = "Integrated Development Environment for STM32",
	MONTH = "09",
	YEAR = "2023",
	URLDATE = {2023-9-12}
}
@MISC{post,
	HOWPUBLISHED = "\url{https://www.postman.com/}",
	AUTHOR = "Postman, Inc.",
	TITLE = "What is Postman?",
	MONTH = "09",
	YEAR = "2023",
	URLDATE = {2023-9-12}
}
@MISC{php,
	HOWPUBLISHED = "\url{https://www.phpmyadmin.net/}",
	AUTHOR = "phpMyAdmin",
	TITLE = "Bringing MySQL to the web",
	MONTH = "09",
	YEAR = "2023",
	URLDATE = {2023-9-12}
}
@MISC{wire,
	HOWPUBLISHED = "\url{https://www.wireshark.org/docs/wsug_html_chunked/Preface.html}",
	AUTHOR = "Richard Sharpe, Ed Warnicke, Ulf Lamping",
	TITLE = "Preface",
	MONTH = "09",
	YEAR = "2023",
	URLDATE = {2023-9-12}
}

%@ARTICLE{ARTICLE:1,
%    AUTHOR="Alexandru UJVAROSI",
%    TITLE="EVOLUTION OF SCADA SYSTEMS",
%    JOURNAL="Bulletin of the Transilvania University of Braşov",
%    YEAR="2016",
%}
@BOOK{BOOK:1,
    AUTHOR="John Doe",
    TITLE="The Book without Title",
    PUBLISHER="Dummy Publisher",
    YEAR="2100",
}
@misc{ANMAT,
	author = {ANMAT},
	title = {Normativa de medicamentos},
	url = {http://www.anmat.gob.ar/webanmat/normativas_medicamentos_cuerpo.asp},
	note = {Visitado el 2023-09-19},
	year = {2023}
}

@INBOOK{BOOK:2,
    AUTHOR="McClanahan",
    TITLE="The Benefits of Networked SCADA Systems Utilizing IPEnabled Networks, Rural Electric Power Conference",
    PUBLISHER="IEEE",
    YEAR="2002",
    PAGES="C5 - C5-7 ",
}

@MISC{WEBSITE:1,
	HOWPUBLISHED = "\url{http://example.com}",
	AUTHOR = "Intel",
	TITLE = "Example Website",
	MONTH = "12",
	YEAR = "1988",
	URLDATE = {2012-11-26}
}

@MANUAL{dallas:ds18b20,
    organization  = "Dallas Semiconductor",
    title         = "DS18B20 Programmable Resolution 1-Wire Digital Thermometer",
    number        = "050400",
    year          =  2015,
    note          = "Rev. 3"
}

@book{teton2003,
	title={Gu{\'\i}a t{\'e}cnica de la acuariofilia},
	author={Teton, J.},
	isbn={9788489840249},
	series={Gu{\'\i}as t{\'e}cnicas},
	url={https://books.google.com.ar/books?id=6vrjovWkQicC},
	year={2003},
	publisher={Tursen S.A. - H. Blume}
}

@book{IEEE:citation,
	author={IEEE},
	title={IEEE Citation Reference},
	edition={1},
	url={http://www.ieee.org/documents/ieeecitationref.pdf},
	urldate={2016-9-26},
	publisher={IEEE Publications},
	year={2016}
}



@MISC{lpcopen,
   author =	{{NXP Semiconductors}},
   title =	{LPCOPEN v2.16 Drivers, Middleware and Examples},
   url =	{http://www.nxp.com/products/microcontrollers-and-processors/arm-processors/lpc-cortex-m-mcus/software-tools/lpcopen-libraries-and-examples:LPC-OPEN-LIBRARIES},
   note =	{Disponible: 2016-06-25},
 }
 
@MISC{contrib,
	author =	{{Savannah}},
	title =	{lwIP - A Lightweight TCP/IP stack},
	url =	{http://git.savannah.gnu.org/cgit/lwip/lwip-contrib.git},
	note =	{Disponible: 2016-06-25},
 }

@MISC{webserver,
	author =	{{Savannah}},
	title =	{lwIP - Wiki - Sample Web Server},
	url =	{ http://lwip.wikia.com/wiki/Sample_Web_Server},
	note =	{Disponible: 2016-06-25}
 } 
 


@MISC{sensor_pH,
   author =	{dfRobot},
   title =	{PH meter(SKU: SEN0161)},
   url =	{http://www.dfrobot.com/wiki/index.php?title=PH_meter(SKU:_SEN0161)},
   note =	{Disponible: 2016-06-25},
}

@misc{rfc2616,
	series =	{Request for Comments},
	number=		2616,
	howpublished=	{RFC 2616},
	publisher =	{RFC Editor},
	doi =		{10.17487/rfc2616},
	url =		{https://rfc-editor.org/rfc/rfc2616.txt},
	author=		{Jeffrey Mogul and Larry M Masinter and Roy T. Fielding and Jim Gettys and Paul J. Leach and Tim Berners-Lee},
	title=		{{Hypertext Transfer Protocol -- HTTP/1.1}},
	pagetotal =	176,
	year =		2013,
	month =		3,
	day =		2,
	abstract =	{HTTP has been in use by the World-Wide Web global information initiative since 1990. This specification defines the protocol referred to as &quot;HTTP/1.1&quot;, and is an update to RFC 2068. [STANDARDS-TRACK]},
}

@misc{rfc3875,
	series =	{Request for Comments},
	number=		3875,
	howpublished=	{RFC 3875},
	publisher =	{RFC Editor},
	doi =		{10.17487/rfc3875},
	url =		{https://rfc-editor.org/rfc/rfc3875.txt},
	author=		{David Robinson},
	title=		{{The Common Gateway Interface (CGI) Version 1.1}},
	pagetotal =	36,
	year =		2013,
	month =		mar,
	day =		20,
	abstract =	{The Common Gateway Interface (CGI) is a simple interface for running external programs, software or gateways under an information server in a platform-independent manner. Currently, the supported information servers are HTTP servers.},
}

@misc{rfc7540,
	series =	{Request for Comments},
	number=		7540,
	howpublished=	{RFC 7540},
	publisher =	{RFC Editor},
	doi =		{10.17487/rfc7540},
	url =		{https://rfc-editor.org/rfc/rfc7540.txt},
	author=		{Mike Belshe and Roberto Peon and Martin Thomson},
	title=		{{Hypertext Transfer Protocol Version 2 (HTTP/2)}},
	pagetotal =	96,
	year =		2015,
	month =		nov,
	day =		18,
	abstract =	{This specification describes an optimized expression of the semantics of the Hypertext Transfer Protocol (HTTP), referred to as HTTP version 2 (HTTP/2). HTTP/2 enables a more efficient use of network resources and a reduced perception of latency by introducing header field compression and allowing multiple concurrent exchanges on the same connection. It also introduces unsolicited push of representations from servers to clients.},
}
%@ARTICLE{ARTICLE4,
%    AUTHOR="NXP",
%    TITLE="I2C-bus specification and user manual",
%    JOURNAL="UM10204",
%    YEAR="2021",
%}
